<record xmlns='http://www.loc.gov/MARC21/slim'><leader>03109cam a2200361 a 4500</leader><controlfield tag='001'>4838379</controlfield><controlfield tag='005'>20100604164031.0</controlfield><controlfield tag='007'>cr |||||||||||</controlfield><controlfield tag='008'>090724s2009    it       b   i100 0 eng d</controlfield><datafield ind1=' ' ind2=' ' tag='020'><subfield code='a'>9789251063927</subfield></datafield><datafield ind1=' ' ind2=' ' tag='020'><subfield code='a'>9251063923</subfield></datafield><datafield ind1=' ' ind2=' ' tag='035'><subfield code='a'>(OCoLC)517693830</subfield></datafield><datafield ind1=' ' ind2=' ' tag='040'><subfield code='a'>DKU</subfield><subfield code='b'>eng</subfield><subfield code='c'>DKU</subfield><subfield code='d'>COD</subfield><subfield code='d'>AGL</subfield><subfield code='d'>WAU</subfield><subfield code='d'>ANL</subfield></datafield><datafield ind1=' ' ind2=' ' tag='043'><subfield code='a'>fw-----</subfield></datafield><datafield ind1='0' ind2='4' tag='082'><subfield code='a'>343.076920966</subfield><subfield code='2'>22</subfield></datafield><datafield ind1='2' ind2=' ' tag='111'><subfield code='a'>FAO/CECAF Workshop on Port State Measures to Combat Illegal, Unreported, and Unregulated Fishing for the West African Subregion</subfield><subfield code='d'>(2009 :</subfield><subfield code='c'>Accra, Ghana)</subfield></datafield><datafield ind1='1' ind2='0' tag='245'><subfield code='a'>Report of the FAO/CECAF Workshop on Port State Measures to Combat Illegal, Unreported and Unregulated Fishing for the West African Subregion :</subfield><subfield code='b'>Accra, Ghana, 9-12 June 2009.</subfield></datafield><datafield ind1='3' ind2='0' tag='246'><subfield code='a'>FAO/CECAF Workshop on Port State Measures to Combat Illegel, Unreported and Unregulated Fishing for the West African Subregion</subfield></datafield><datafield ind1=' ' ind2=' ' tag='260'><subfield code='a'>Rome :</subfield><subfield code='b'>Food and Agriculture Organization of the United Nations,</subfield><subfield code='c'>2009.</subfield></datafield><datafield ind1=' ' ind2=' ' tag='300'><subfield code='a'>v, 43 p. ;</subfield><subfield code='c'>30 cm.</subfield></datafield><datafield ind1='1' ind2=' ' tag='490'><subfield code='a'>FAO fisheries and aquaculture report,</subfield><subfield code='x'>2070-6987 ;</subfield><subfield code='v'>no. 910</subfield></datafield><datafield ind1=' ' ind2=' ' tag='500'><subfield code='a'>&quot;FIEL/R910 (En).&quot;</subfield></datafield><datafield ind1=' ' ind2=' ' tag='500'><subfield code='a'>&quot;I1106E/1/10.09/250&quot;--P. [4] of cover.</subfield></datafield><datafield ind1=' ' ind2=' ' tag='504'><subfield code='a'>Includes bibliographical references.</subfield></datafield><datafield ind1='2' ind2=' ' tag='505'><subfield code='a'>Opening of the workshop -- Background and international framework for port state measures -- Bilateral, subregional and regional approaches to IUU fishing and port state measures -- Issues and framework of the 2005 model scheme on port state measures and the 2009 chairperson&apos;s original draft agreement on port state measures -- National coordination and implementation of port state measures : pilot projects and current strengths and constraints -- Legal and regional perspectives on port state measures -- Formation of the working groups and their reports and conclusions -- Brainstorming : looking ahead : an agenda for the subregion on port state measures -- Closure of the workshop.</subfield></datafield><datafield ind1=' ' ind2=' ' tag='520'><subfield code='a'>The objective of the workshop was to develop national capacity and promote bilateral, subregional and regional coordination so that countries would be better placed to strengthen and harmonize port state measures and, as a result, implement the relevant tools of the 2001 FAO International Plan of Action to Prevent, Deter and Eliminate Illegal, Unreported and Unregulated Fishing, the 2005 FAO Model Scheme on Port State Measures to Combat Illegal, Unreported and Unregulated Fishing and the 2009 Chairperson&apos;s draft Agreement on Port State Measures to Combat Illegal, Unreported and Unregulated Fishing, when it enters into force.--Publisher&apos;s description.</subfield></datafield><datafield ind1=' ' ind2=' ' tag='530'><subfield code='a'>Also available online.</subfield></datafield><datafield ind1=' ' ind2='0' tag='650'><subfield code='a'>Fishery law and legislation</subfield><subfield code='z'>Africa</subfield><subfield code='v'>Congresses.</subfield></datafield><datafield ind1=' ' ind2='0' tag='650'><subfield code='a'>Fishery management, International</subfield><subfield code='z'>Africa</subfield><subfield code='v'>Congresses.</subfield></datafield><datafield ind1=' ' ind2='0' tag='650'><subfield code='a'>Fisheries</subfield><subfield code='x'>International cooperation</subfield><subfield code='z'>Africa</subfield><subfield code='v'>Congresses.</subfield></datafield><datafield ind1='2' ind2=' ' tag='710'><subfield code='a'>Food and Agriculture Organization of the United Nations.</subfield><subfield code='b'>Fishery Committee for the Eastern Central Atlantic.</subfield></datafield><datafield ind1=' ' ind2='0' tag='830'><subfield code='a'>FAO fisheries and aquaculture report ;</subfield><subfield code='v'>no. 910.</subfield></datafield><datafield ind1='4' ind2='1' tag='856'><subfield code='u'>http://www.fao.org/docrep/012/i1106e/i1106e00.pdf</subfield><subfield code='z'>Connect to online resource</subfield></datafield></record>